@article{granja2021,
  title={ArchR is a scalable software package for integrative single-cell chromatin accessibility analysis},
  author={Granja, Jeffrey M and Corces, M Ryan and Pierce, Sarah E and Bagdatli, Seyed T and Choudhry, Harinder and Chang, Howard Y and Greenleaf, William J},
  journal={Nature Genetics},
  volume={53},
  number={3},
  pages={403--411},
  year={2021},
  publisher={Nature Publishing Group}
}

@article{stuart2021,
  title={Signac: Multimodal single-cell chromatin analysis with R},
  author={Stuart, Tim and Srivastava, Avi and Madad, Shila and Lareau, Caleb A and Satija, Rahul},
  journal={bioRxiv},
  year={2021},
  doi={10.1101/2020.11.09.373613},
  publisher={Cold Spring Harbor Laboratory}
}

@article{fang2021,
  title={SnapATAC: A comprehensive analysis package for single cell ATAC-seq},
  author={Fang, Rui and Preissl, Sebastian and Li, Yanxiao and Hou, Xinyi and Lucero, Julian and Wang, Xinyi and Motamedi, Amir and Shiau, Alex K and Zhou, Xiaoyu and Xie, Feng and Ren, Bing},
  journal={bioRxiv},
  year={2021},
  doi={10.1101/615179}
}

@article{maude2018,
  title={Tisagenlecleucel in children and young adults with B-cell lymphoblastic leukemia},
  author={Maude, Shannon L and Laetsch, Theodore W and Buechner, Jochen and Rives, Silvia and Boyer, Michel and Bittencourt, Henri and Bader, Peter and Maschan, Maria and Romano, Maria and Balduzzi, Adriana and others},
  journal={New England Journal of Medicine},
  volume={378},
  number={5},
  pages={439--448},
  year={2018},
  publisher={Massachusetts Medical Society}
}

@article{chen2019,
  title={High-throughput sequencing of the transcriptome and epigenome of single cells},
  author={Chen, Hanqing and Lareau, Caleb A and Andreani, Thomas and Vinyard, Matthew E and Garcia, Sandra P and Clement, Kyle and Andrade-Navarro, Miguel A and Buenrostro, Jason D},
  journal={Nature Reviews Genetics},
  volume={20},
  number={10},
  pages={631--647},
  year={2019},
  publisher={Nature Publishing Group}
}

@article{satpathy2019,
  title={Massively parallel single-cell chromatin landscapes of human immune cell development and intratumoral T cell exhaustion},
  author={Satpathy, Ansuman T and Granja, Jeffrey M and Yost, Kathryn E and Qi, Yuhan and Meschi, Francesco and McDermott, Gavin P and Olsen, Ben N and Mumbach, Maxwell R and Pierce, Sarah E and Corces, M Ryan and others},
  journal={Nature Biotechnology},
  volume={37},
  number={8},
  pages={925--936},
  year={2019},
  publisher={Nature Publishing Group}
}

@article{torres2022,
  title={Comprehensive single-cell CRISPR screening reveals a novel vector integration bias in T cells},
  author={Torres, David and Tiwari, Ankit and Du, Jinyu and others},
  journal={Nature Biotechnology},
  volume={40},
  pages={1636--1645},
  year={2022},
  publisher={Nature Publishing Group}
}

@article{frangieh2021,
  title={Multimodal pooled Perturb-seq reveals synergistic and antagonistic gene modules in the immune response},
  author={Frangieh, Cyrus J and Melms, John C and Thakore, Pratik I and et al.},
  journal={Cell},
  volume={184},
  number={3},
  pages={882--895.e21},
  year={2021},
  publisher={Elsevier}
}

@article{finck2022,
  title={Epigenetic and transcriptional profiling of CAR T cells reveals insights into T cell exhaustion and persistence},
  author={Finck, Alexander and et al.},
  journal={Nature Medicine},
  volume={28},
  number={3},
  pages={467--479},
  year={2022},
  publisher={Nature Publishing Group}
}

@article{robinson2023,
  title={Single-cell epigenomic profiling in immunotherapy: new tools and perspectives},
  author={Robinson, Kimberly and Nguyen, Mai and Sadelain, Michel},
  journal={Trends in Immunology},
  volume={44},
  number={2},
  pages={115--129},
  year={2023},
  publisher={Cell Press}
}

@article{eyquem2017,
  title={Targeting a CAR to the TRAC locus with CRISPR/Cas9 enhances tumour rejection},
  author={Eyquem, Julien and Mansilla-Soto, Jorge and Giavridis, Theodoros and van der Stegen, Stefan JC and Hamieh, Mohamad and Cunanan, Kristen M and Odak, Alexander and Gonen, Mehmet and Sadelain, Michel},
  journal={Nature},
  volume={543},
  number={7643},
  pages={113--117},
  year={2017},
  publisher={Nature Publishing Group}
}
